%% This BibTeX bibliography file was created using BibDesk.
%% http://bibdesk.sourceforge.net/


%% Created for Katharina Drawert at 2015-08-04 15:22:59 +0200 


%% Saved with string encoding Unicode (UTF-8) 



@article{sanchez2009moderating,
	Author = {Sanchez-Franco, Manuel J},
	Date-Added = {2015-08-04 13:10:37 +0000},
	Date-Modified = {2015-08-04 13:10:37 +0000},
	Journal = {Journal of Interactive Marketing},
	Number = {3},
	Pages = {247--258},
	Publisher = {Elsevier},
	Title = {The moderating effects of involvement on the relationships between satisfaction, trust and commitment in e-banking},
	Volume = {23},
	Year = {2009}}

@article{davis1989user,
	Author = {Davis, Fred D and Bagozzi, Richard P and Warshaw, Paul R},
	Date-Added = {2015-07-30 19:16:57 +0000},
	Date-Modified = {2015-07-30 19:16:57 +0000},
	Journal = {Management science},
	Number = {8},
	Pages = {982--1003},
	Publisher = {INFORMS},
	Title = {User acceptance of computer technology: a comparison of two theoretical models},
	Volume = {35},
	Year = {1989},
	Bdsk-File-1 = {YnBsaXN0MDDUAQIDBAUGJCVYJHZlcnNpb25YJG9iamVjdHNZJGFyY2hpdmVyVCR0b3ASAAGGoKgHCBMUFRYaIVUkbnVsbNMJCgsMDxJXTlMua2V5c1pOUy5vYmplY3RzViRjbGFzc6INDoACgAOiEBGABIAFgAdccmVsYXRpdmVQYXRoWWFsaWFzRGF0YV8QaS4uLy4uLy4uLy4uLy4uLy4uL0Ryb3Bib3gvbGZwIG1vb2MvV29ya2dyb3VuZCBLYXRoYXJpbmEvUGFwZXJzL1VzZXIgYWNjZXB0YW5jZSBvZiBjb21wdXRlciB0ZWNobm9sb2d5LnBkZtIXCxgZV05TLmRhdGFPEQI8AAAAAAI8AAIAAAxNYWNpbnRvc2ggSEQAAAAAAAAAAAAAAAAAAADKuVN0SCsAAACHqcofVXNlciBhY2NlcHRhbmNlIG9mIGMjODdBQ0JGLnBkZgAAAAAAAAAAAAAAAAAAAAAAAAAAAAAAAAAAAAAAAAAAAIesv9F1ikAAAAAAAAAAAAAGAAUAAAkgAAAAAAAAAAAAAAAAAAAABlBhcGVycwAQAAgAAMq5N1QAAAARAAgAANF1biAAAAABABgAh6nKAH/3pgB/9gsADrqlAAaYWAAAwCMAAgBvTWFjaW50b3NoIEhEOlVzZXJzOgBLYXRoYXJpbmE6AERyb3Bib3g6AExGUCBNT09DOgBXb3JrZ3JvdW5kIEthdGhhcmluYToAUGFwZXJzOgBVc2VyIGFjY2VwdGFuY2Ugb2YgYyM4N0FDQkYucGRmAAAOAFYAKgBVAHMAZQByACAAYQBjAGMAZQBwAHQAYQBuAGMAZQAgAG8AZgAgAGMAbwBtAHAAdQB0AGUAcgAgAHQAZQBjAGgAbgBvAGwAbwBnAHkALgBwAGQAZgAPABoADABNAGEAYwBpAG4AdABvAHMAaAAgAEgARAASAGdVc2Vycy9LYXRoYXJpbmEvRHJvcGJveC9sZnAgbW9vYy9Xb3JrZ3JvdW5kIEthdGhhcmluYS9QYXBlcnMvVXNlciBhY2NlcHRhbmNlIG9mIGNvbXB1dGVyIHRlY2hub2xvZ3kucGRmAAATAAEvAAAVAAIAEP//AACABtIbHB0eWiRjbGFzc25hbWVYJGNsYXNzZXNdTlNNdXRhYmxlRGF0YaMdHyBWTlNEYXRhWE5TT2JqZWN00hscIiNcTlNEaWN0aW9uYXJ5oiIgXxAPTlNLZXllZEFyY2hpdmVy0SYnVHJvb3SAAQAIABEAGgAjAC0AMgA3AEAARgBNAFUAYABnAGoAbABuAHEAcwB1AHcAhACOAPoA/wEHA0cDSQNOA1kDYgNwA3QDewOEA4kDlgOZA6sDrgOzAAAAAAAAAgEAAAAAAAAAKAAAAAAAAAAAAAAAAAAAA7U=}}

@incollection{behrenbruch2013understanding,
	Author = {Behrenbruch, Kay and S{\"o}llner, Matthias and Leimeister, Jan Marco and Schmidt, Ludger},
	Booktitle = {Human-Computer Interaction--INTERACT 2013},
	Date-Added = {2015-07-30 19:16:09 +0000},
	Date-Modified = {2015-07-30 19:16:09 +0000},
	Pages = {306--313},
	Publisher = {Springer},
	Title = {Understanding Diversity--The Impact of Personality on Technology Acceptance},
	Year = {2013},
	Bdsk-File-1 = {YnBsaXN0MDDUAQIDBAUGJCVYJHZlcnNpb25YJG9iamVjdHNZJGFyY2hpdmVyVCR0b3ASAAGGoKgHCBMUFRYaIVUkbnVsbNMJCgsMDxJXTlMua2V5c1pOUy5vYmplY3RzViRjbGFzc6INDoACgAOiEBGABIAFgAdccmVsYXRpdmVQYXRoWWFsaWFzRGF0YV8Qji4uLy4uLy4uLy4uLy4uLy4uL0Ryb3Bib3gvbGZwIG1vb2MvV29ya2dyb3VuZCBLYXRoYXJpbmEvUGFwZXJzL1VuZGVyc3RhbmRpbmcgRGl2ZXJzaXR5X1RoZSBJbXBhY3Qgb2YgUGVyc29uYWxpdHkgb24gVGVjaG5vbG9neSBBY2NlcHRhbmNlIC5wZGbSFwsYGVdOUy5kYXRhTxECqgAAAAACqgACAAAMTWFjaW50b3NoIEhEAAAAAAAAAAAAAAAAAAAAyrlTdEgrAAAAh6nKH1VuZGVyc3RhbmRpbmcgRGl2ZXJzIzk2M0Y2Qy5wZGYAAAAAAAAAAAAAAAAAAAAAAAAAAAAAAAAAAAAAAAAAAACWP2zRm2aeAAAAAAAAAAAABgAFAAAJIAAAAAAAAAAAAAAAAAAAAAZQYXBlcnMAEAAIAADKuTdUAAAAEQAIAADRm0p+AAAAAQAYAIepygB/96YAf/YLAA66pQAGmFgAAMAjAAIAb01hY2ludG9zaCBIRDpVc2VyczoAS2F0aGFyaW5hOgBEcm9wYm94OgBMRlAgTU9PQzoAV29ya2dyb3VuZCBLYXRoYXJpbmE6AFBhcGVyczoAVW5kZXJzdGFuZGluZyBEaXZlcnMjOTYzRjZDLnBkZgAADgCgAE8AVQBuAGQAZQByAHMAdABhAG4AZABpAG4AZwAgAEQAaQB2AGUAcgBzAGkAdAB5AF8AVABoAGUAIABJAG0AcABhAGMAdAAgAG8AZgAgAFAAZQByAHMAbwBuAGEAbABpAHQAeQAgAG8AbgAgAFQAZQBjAGgAbgBvAGwAbwBnAHkAIABBAGMAYwBlAHAAdABhAG4AYwBlACAALgBwAGQAZgAPABoADABNAGEAYwBpAG4AdABvAHMAaAAgAEgARAASAIxVc2Vycy9LYXRoYXJpbmEvRHJvcGJveC9sZnAgbW9vYy9Xb3JrZ3JvdW5kIEthdGhhcmluYS9QYXBlcnMvVW5kZXJzdGFuZGluZyBEaXZlcnNpdHlfVGhlIEltcGFjdCBvZiBQZXJzb25hbGl0eSBvbiBUZWNobm9sb2d5IEFjY2VwdGFuY2UgLnBkZgATAAEvAAAVAAIAEP//AACABtIbHB0eWiRjbGFzc25hbWVYJGNsYXNzZXNdTlNNdXRhYmxlRGF0YaMdHyBWTlNEYXRhWE5TT2JqZWN00hscIiNcTlNEaWN0aW9uYXJ5oiIgXxAPTlNLZXllZEFyY2hpdmVy0SYnVHJvb3SAAQAIABEAGgAjAC0AMgA3AEAARgBNAFUAYABnAGoAbABuAHEAcwB1AHcAhACOAR8BJAEsA9oD3APhA+wD9QQDBAcEDgQXBBwEKQQsBD4EQQRGAAAAAAAAAgEAAAAAAAAAKAAAAAAAAAAAAAAAAAAABEg=}}

@book{urban2014strukturgleichungsmodellierung,
	Author = {Urban, Dieter},
	Date-Added = {2015-07-30 19:14:30 +0000},
	Date-Modified = {2015-07-30 19:14:30 +0000},
	Publisher = {Springer-Verlag},
	Title = {Strukturgleichungsmodellierung: ein Ratgeber f{\"u}r die Praxis},
	Year = {2014},
	Bdsk-File-1 = {YnBsaXN0MDDUAQIDBAUGJCVYJHZlcnNpb25YJG9iamVjdHNZJGFyY2hpdmVyVCR0b3ASAAGGoKgHCBMUFRYaIVUkbnVsbNMJCgsMDxJXTlMua2V5c1pOUy5vYmplY3RzViRjbGFzc6INDoACgAOiEBGABIAFgAdccmVsYXRpdmVQYXRoWWFsaWFzRGF0YV8QYS4uLy4uLy4uLy4uLy4uLy4uL0Ryb3Bib3gvbGZwIG1vb2MvV29ya2dyb3VuZCBLYXRoYXJpbmEvUGFwZXJzL1N0cnVrdHVyZ2xlaWNodW5nc21vZGVsbGllcnVuZy5wZGbSFwsYGVdOUy5kYXRhTxECJAAAAAACJAACAAAMTWFjaW50b3NoIEhEAAAAAAAAAAAAAAAAAAAAyrlTdEgrAAAAh6nKH1N0cnVrdHVyZ2xlaWNodW5nc21vIzgyQzA5RC5wZGYAAAAAAAAAAAAAAAAAAAAAAAAAAAAAAAAAAAAAAAAAAACCwJ3RZ/B2AAAAAAAAAAAABgAFAAAJIAAAAAAAAAAAAAAAAAAAAAZQYXBlcnMAEAAIAADKuTdUAAAAEQAIAADRZ9RWAAAAAQAYAIepygB/96YAf/YLAA66pQAGmFgAAMAjAAIAb01hY2ludG9zaCBIRDpVc2VyczoAS2F0aGFyaW5hOgBEcm9wYm94OgBMRlAgTU9PQzoAV29ya2dyb3VuZCBLYXRoYXJpbmE6AFBhcGVyczoAU3RydWt0dXJnbGVpY2h1bmdzbW8jODJDMDlELnBkZgAADgBGACIAUwB0AHIAdQBrAHQAdQByAGcAbABlAGkAYwBoAHUAbgBnAHMAbQBvAGQAZQBsAGwAaQBlAHIAdQBuAGcALgBwAGQAZgAPABoADABNAGEAYwBpAG4AdABvAHMAaAAgAEgARAASAF9Vc2Vycy9LYXRoYXJpbmEvRHJvcGJveC9sZnAgbW9vYy9Xb3JrZ3JvdW5kIEthdGhhcmluYS9QYXBlcnMvU3RydWt0dXJnbGVpY2h1bmdzbW9kZWxsaWVydW5nLnBkZgAAEwABLwAAFQACABD//wAAgAbSGxwdHlokY2xhc3NuYW1lWCRjbGFzc2VzXU5TTXV0YWJsZURhdGGjHR8gVk5TRGF0YVhOU09iamVjdNIbHCIjXE5TRGljdGlvbmFyeaIiIF8QD05TS2V5ZWRBcmNoaXZlctEmJ1Ryb290gAEACAARABoAIwAtADIANwBAAEYATQBVAGAAZwBqAGwAbgBxAHMAdQB3AIQAjgDyAPcA/wMnAykDLgM5A0IDUANUA1sDZANpA3YDeQOLA44DkwAAAAAAAAIBAAAAAAAAACgAAAAAAAAAAAAAAAAAAAOV}}

@book{weiber2014strukturgleichungsmodellierung,
	Author = {Weiber, Rolf and M{\"u}hlhaus, Daniel},
	Date-Added = {2015-07-30 19:12:07 +0000},
	Date-Modified = {2015-07-30 19:12:07 +0000},
	Publisher = {Springer-Verlag},
	Title = {Strukturgleichungsmodellierung: Eine anwendungsorientierte Einf{\"u}hrung in die Kausalanalyse mit Hilfe von AMOS, SmartPLS und SPSS},
	Year = {2014},
	Bdsk-File-1 = {YnBsaXN0MDDUAQIDBAUGJCVYJHZlcnNpb25YJG9iamVjdHNZJGFyY2hpdmVyVCR0b3ASAAGGoKgHCBMUFRYaIVUkbnVsbNMJCgsMDxJXTlMua2V5c1pOUy5vYmplY3RzViRjbGFzc6INDoACgAOiEBGABIAFgAdccmVsYXRpdmVQYXRoWWFsaWFzRGF0YV8QYy4uLy4uLy4uLy4uLy4uLy4uL0Ryb3Bib3gvbGZwIG1vb2MvV29ya2dyb3VuZCBLYXRoYXJpbmEvUGFwZXJzL1N0cnVrdHVyZ2xlaWNodW5nc21vZGVsbGllcnVuZyAyLnBkZtIXCxgZV05TLmRhdGFPEQIqAAAAAAIqAAIAAAxNYWNpbnRvc2ggSEQAAAAAAAAAAAAAAAAAAADKuVN0SCsAAACHqcofU3RydWt0dXJnbGVpY2h1bmdzbW8jQTZFNjFGLnBkZgAAAAAAAAAAAAAAAAAAAAAAAAAAAAAAAAAAAAAAAAAAAKbmH9Fj5/YAAAAAAAAAAAAGAAUAAAkgAAAAAAAAAAAAAAAAAAAABlBhcGVycwAQAAgAAMq5N1QAAAARAAgAANFjy9YAAAABABgAh6nKAH/3pgB/9gsADrqlAAaYWAAAwCMAAgBvTWFjaW50b3NoIEhEOlVzZXJzOgBLYXRoYXJpbmE6AERyb3Bib3g6AExGUCBNT09DOgBXb3JrZ3JvdW5kIEthdGhhcmluYToAUGFwZXJzOgBTdHJ1a3R1cmdsZWljaHVuZ3NtbyNBNkU2MUYucGRmAAAOAEoAJABTAHQAcgB1AGsAdAB1AHIAZwBsAGUAaQBjAGgAdQBuAGcAcwBtAG8AZABlAGwAbABpAGUAcgB1AG4AZwAgADIALgBwAGQAZgAPABoADABNAGEAYwBpAG4AdABvAHMAaAAgAEgARAASAGFVc2Vycy9LYXRoYXJpbmEvRHJvcGJveC9sZnAgbW9vYy9Xb3JrZ3JvdW5kIEthdGhhcmluYS9QYXBlcnMvU3RydWt0dXJnbGVpY2h1bmdzbW9kZWxsaWVydW5nIDIucGRmAAATAAEvAAAVAAIAEP//AACABtIbHB0eWiRjbGFzc25hbWVYJGNsYXNzZXNdTlNNdXRhYmxlRGF0YaMdHyBWTlNEYXRhWE5TT2JqZWN00hscIiNcTlNEaWN0aW9uYXJ5oiIgXxAPTlNLZXllZEFyY2hpdmVy0SYnVHJvb3SAAQAIABEAGgAjAC0AMgA3AEAARgBNAFUAYABnAGoAbABuAHEAcwB1AHcAhACOAPQA+QEBAy8DMQM2A0EDSgNYA1wDYwNsA3EDfgOBA5MDlgObAAAAAAAAAgEAAAAAAAAAKAAAAAAAAAAAAAAAAAAAA50=}}

@article{gorla2010organizational,
	Author = {Gorla, Narasimhaiah and Somers, Toni M and Wong, Betty},
	Date-Added = {2015-07-30 19:11:31 +0000},
	Date-Modified = {2015-07-30 19:11:31 +0000},
	Journal = {The Journal of Strategic Information Systems},
	Number = {3},
	Pages = {207--228},
	Publisher = {Elsevier},
	Title = {Organizational impact of system quality, information quality, and service quality},
	Volume = {19},
	Year = {2010},
	Bdsk-File-1 = {YnBsaXN0MDDUAQIDBAUGJCVYJHZlcnNpb25YJG9iamVjdHNZJGFyY2hpdmVyVCR0b3ASAAGGoKgHCBMUFRYaIVUkbnVsbNMJCgsMDxJXTlMua2V5c1pOUy5vYmplY3RzViRjbGFzc6INDoACgAOiEBGABIAFgAdccmVsYXRpdmVQYXRoWWFsaWFzRGF0YV8QlC4uLy4uLy4uLy4uLy4uLy4uL0Ryb3Bib3gvbGZwIG1vb2MvV29ya2dyb3VuZCBLYXRoYXJpbmEvUGFwZXJzL09yZ2FuaXphdGlvbmFsIGltcGFjdCBvZiBzeXN0ZW0gcXVhbGl0eSwgaW5mb3JtYXRpb24gcXVhbGl0eSwgYW5kIHNlcnZpY2UgcXVhbGl0eS5wZGbSFwsYGVdOUy5kYXRhTxECvAAAAAACvAACAAAMTWFjaW50b3NoIEhEAAAAAAAAAAAAAAAAAAAAyrlTdEgrAAAAh6nKH09yZ2FuaXphdGlvbmFsIGltcGFjIzgyQkYzOS5wZGYAAAAAAAAAAAAAAAAAAAAAAAAAAAAAAAAAAAAAAAAAAACCvznRZ+4NAAAAAAAAAAAABgAFAAAJIAAAAAAAAAAAAAAAAAAAAAZQYXBlcnMAEAAIAADKuTdUAAAAEQAIAADRZ9HtAAAAAQAYAIepygB/96YAf/YLAA66pQAGmFgAAMAjAAIAb01hY2ludG9zaCBIRDpVc2VyczoAS2F0aGFyaW5hOgBEcm9wYm94OgBMRlAgTU9PQzoAV29ya2dyb3VuZCBLYXRoYXJpbmE6AFBhcGVyczoAT3JnYW5pemF0aW9uYWwgaW1wYWMjODJCRjM5LnBkZgAADgCsAFUATwByAGcAYQBuAGkAegBhAHQAaQBvAG4AYQBsACAAaQBtAHAAYQBjAHQAIABvAGYAIABzAHkAcwB0AGUAbQAgAHEAdQBhAGwAaQB0AHkALAAgAGkAbgBmAG8AcgBtAGEAdABpAG8AbgAgAHEAdQBhAGwAaQB0AHkALAAgAGEAbgBkACAAcwBlAHIAdgBpAGMAZQAgAHEAdQBhAGwAaQB0AHkALgBwAGQAZgAPABoADABNAGEAYwBpAG4AdABvAHMAaAAgAEgARAASAJJVc2Vycy9LYXRoYXJpbmEvRHJvcGJveC9sZnAgbW9vYy9Xb3JrZ3JvdW5kIEthdGhhcmluYS9QYXBlcnMvT3JnYW5pemF0aW9uYWwgaW1wYWN0IG9mIHN5c3RlbSBxdWFsaXR5LCBpbmZvcm1hdGlvbiBxdWFsaXR5LCBhbmQgc2VydmljZSBxdWFsaXR5LnBkZgATAAEvAAAVAAIAEP//AACABtIbHB0eWiRjbGFzc25hbWVYJGNsYXNzZXNdTlNNdXRhYmxlRGF0YaMdHyBWTlNEYXRhWE5TT2JqZWN00hscIiNcTlNEaWN0aW9uYXJ5oiIgXxAPTlNLZXllZEFyY2hpdmVy0SYnVHJvb3SAAQAIABEAGgAjAC0AMgA3AEAARgBNAFUAYABnAGoAbABuAHEAcwB1AHcAhACOASUBKgEyA/ID9AP5BAQEDQQbBB8EJgQvBDQEQQREBFYEWQReAAAAAAAAAgEAAAAAAAAAKAAAAAAAAAAAAAAAAAAABGA=}}

@article{petter2008measuring,
	Author = {Petter, Stacie and DeLone, William and McLean, Ephraim},
	Date-Added = {2015-07-30 19:10:45 +0000},
	Date-Modified = {2015-07-30 19:10:45 +0000},
	Journal = {European journal of information systems},
	Number = {3},
	Pages = {236--263},
	Publisher = {Nature Publishing Group},
	Title = {Measuring information systems success: models, dimensions, measures, and interrelationships},
	Volume = {17},
	Year = {2008},
	Bdsk-File-1 = {YnBsaXN0MDDUAQIDBAUGJCVYJHZlcnNpb25YJG9iamVjdHNZJGFyY2hpdmVyVCR0b3ASAAGGoKgHCBMUFRYaIVUkbnVsbNMJCgsMDxJXTlMua2V5c1pOUy5vYmplY3RzViRjbGFzc6INDoACgAOiEBGABIAFgAdccmVsYXRpdmVQYXRoWWFsaWFzRGF0YV8QnS4uLy4uLy4uLy4uLy4uLy4uL0Ryb3Bib3gvbGZwIG1vb2MvV29ya2dyb3VuZCBLYXRoYXJpbmEvUGFwZXJzL01lYXN1cmluZyBpbmZvcm1hdGlvbiBzeXN0ZW1zIHN1Y2Nlc3MgbW9kZWxzLCBkaW1lbnNpb25zLCBtZWFzdXJlcywgYW5kIGludGVycmVsYXRpb25zaGlwcy5wZGbSFwsYGVdOUy5kYXRhTxEC2AAAAAAC2AACAAAMTWFjaW50b3NoIEhEAAAAAAAAAAAAAAAAAAAAyrlTdEgrAAAAh6nKH01lYXN1cmluZyBpbmZvcm1hdGlvIzgyQzI2RC5wZGYAAAAAAAAAAAAAAAAAAAAAAAAAAAAAAAAAAAAAAAAAAACCwm3RZ/JMAAAAAAAAAAAABgAFAAAJIAAAAAAAAAAAAAAAAAAAAAZQYXBlcnMAEAAIAADKuTdUAAAAEQAIAADRZ9YsAAAAAQAYAIepygB/96YAf/YLAA66pQAGmFgAAMAjAAIAb01hY2ludG9zaCBIRDpVc2VyczoAS2F0aGFyaW5hOgBEcm9wYm94OgBMRlAgTU9PQzoAV29ya2dyb3VuZCBLYXRoYXJpbmE6AFBhcGVyczoATWVhc3VyaW5nIGluZm9ybWF0aW8jODJDMjZELnBkZgAADgC+AF4ATQBlAGEAcwB1AHIAaQBuAGcAIABpAG4AZgBvAHIAbQBhAHQAaQBvAG4AIABzAHkAcwB0AGUAbQBzACAAcwB1AGMAYwBlAHMAcwAgAG0AbwBkAGUAbABzACwAIABkAGkAbQBlAG4AcwBpAG8AbgBzACwAIABtAGUAYQBzAHUAcgBlAHMALAAgAGEAbgBkACAAaQBuAHQAZQByAHIAZQBsAGEAdABpAG8AbgBzAGgAaQBwAHMALgBwAGQAZgAPABoADABNAGEAYwBpAG4AdABvAHMAaAAgAEgARAASAJtVc2Vycy9LYXRoYXJpbmEvRHJvcGJveC9sZnAgbW9vYy9Xb3JrZ3JvdW5kIEthdGhhcmluYS9QYXBlcnMvTWVhc3VyaW5nIGluZm9ybWF0aW9uIHN5c3RlbXMgc3VjY2VzcyBtb2RlbHMsIGRpbWVuc2lvbnMsIG1lYXN1cmVzLCBhbmQgaW50ZXJyZWxhdGlvbnNoaXBzLnBkZgAAEwABLwAAFQACABD//wAAgAbSGxwdHlokY2xhc3NuYW1lWCRjbGFzc2VzXU5TTXV0YWJsZURhdGGjHR8gVk5TRGF0YVhOU09iamVjdNIbHCIjXE5TRGljdGlvbmFyeaIiIF8QD05TS2V5ZWRBcmNoaXZlctEmJ1Ryb290gAEACAARABoAIwAtADIANwBAAEYATQBVAGAAZwBqAGwAbgBxAHMAdQB3AIQAjgEuATMBOwQXBBkEHgQpBDIEQAREBEsEVARZBGYEaQR7BH4EgwAAAAAAAAIBAAAAAAAAACgAAAAAAAAAAAAAAAAAAASF}}

@article{islam2013investigating,
	Author = {Islam, AKM Najmul},
	Date-Added = {2015-07-30 19:08:05 +0000},
	Date-Modified = {2015-07-30 19:08:05 +0000},
	Journal = {Computers \& Education},
	Pages = {387--399},
	Publisher = {Elsevier},
	Title = {Investigating e-learning system usage outcomes in the university context},
	Volume = {69},
	Year = {2013},
	Bdsk-File-1 = {YnBsaXN0MDDUAQIDBAUGJCVYJHZlcnNpb25YJG9iamVjdHNZJGFyY2hpdmVyVCR0b3ASAAGGoKgHCBMUFRYaIVUkbnVsbNMJCgsMDxJXTlMua2V5c1pOUy5vYmplY3RzViRjbGFzc6INDoACgAOiEBGABIAFgAdccmVsYXRpdmVQYXRoWWFsaWFzRGF0YV8Qiy4uLy4uLy4uLy4uLy4uLy4uL0Ryb3Bib3gvbGZwIG1vb2MvV29ya2dyb3VuZCBLYXRoYXJpbmEvUGFwZXJzL0ludmVzdGlnYXRpbmcgZS1sZWFybmluZyBzeXN0ZW0gdXNhZ2Ugb3V0Y29tZXMgaW4gdGhlIHVuaXZlcnNpdHkgY29udGV4dC5wZGbSFwsYGVdOUy5kYXRhTxECogAAAAACogACAAAMTWFjaW50b3NoIEhEAAAAAAAAAAAAAAAAAAAAyrlTdEgrAAAAh6nKH0ludmVzdGlnYXRpbmcgZS1sZWFyIzg3QTlBRC5wZGYAAAAAAAAAAAAAAAAAAAAAAAAAAAAAAAAAAAAAAAAAAACHqa3RdYY8AAAAAAAAAAAABgAFAAAJIAAAAAAAAAAAAAAAAAAAAAZQYXBlcnMAEAAIAADKuTdUAAAAEQAIAADRdWocAAAAAQAYAIepygB/96YAf/YLAA66pQAGmFgAAMAjAAIAb01hY2ludG9zaCBIRDpVc2VyczoAS2F0aGFyaW5hOgBEcm9wYm94OgBMRlAgTU9PQzoAV29ya2dyb3VuZCBLYXRoYXJpbmE6AFBhcGVyczoASW52ZXN0aWdhdGluZyBlLWxlYXIjODdBOUFELnBkZgAADgCaAEwASQBuAHYAZQBzAHQAaQBnAGEAdABpAG4AZwAgAGUALQBsAGUAYQByAG4AaQBuAGcAIABzAHkAcwB0AGUAbQAgAHUAcwBhAGcAZQAgAG8AdQB0AGMAbwBtAGUAcwAgAGkAbgAgAHQAaABlACAAdQBuAGkAdgBlAHIAcwBpAHQAeQAgAGMAbwBuAHQAZQB4AHQALgBwAGQAZgAPABoADABNAGEAYwBpAG4AdABvAHMAaAAgAEgARAASAIlVc2Vycy9LYXRoYXJpbmEvRHJvcGJveC9sZnAgbW9vYy9Xb3JrZ3JvdW5kIEthdGhhcmluYS9QYXBlcnMvSW52ZXN0aWdhdGluZyBlLWxlYXJuaW5nIHN5c3RlbSB1c2FnZSBvdXRjb21lcyBpbiB0aGUgdW5pdmVyc2l0eSBjb250ZXh0LnBkZgAAEwABLwAAFQACABD//wAAgAbSGxwdHlokY2xhc3NuYW1lWCRjbGFzc2VzXU5TTXV0YWJsZURhdGGjHR8gVk5TRGF0YVhOU09iamVjdNIbHCIjXE5TRGljdGlvbmFyeaIiIF8QD05TS2V5ZWRBcmNoaXZlctEmJ1Ryb290gAEACAARABoAIwAtADIANwBAAEYATQBVAGAAZwBqAGwAbgBxAHMAdQB3AIQAjgEcASEBKQPPA9ED1gPhA+oD+AP8BAMEDAQRBB4EIQQzBDYEOwAAAAAAAAIBAAAAAAAAACgAAAAAAAAAAAAAAAAAAAQ9}}

@inproceedings{delone2002information,
	Author = {DeLone, William H and McLean, Ephraim R},
	Booktitle = {System Sciences, 2002. HICSS. Proceedings of the 35th Annual Hawaii International Conference on},
	Date-Added = {2015-07-30 19:06:55 +0000},
	Date-Modified = {2015-07-30 19:06:55 +0000},
	Organization = {IEEE},
	Pages = {2966--2976},
	Title = {Information systems success revisited},
	Year = {2002},
	Bdsk-File-1 = {YnBsaXN0MDDUAQIDBAUGJCVYJHZlcnNpb25YJG9iamVjdHNZJGFyY2hpdmVyVCR0b3ASAAGGoKgHCBMUFRYaIVUkbnVsbNMJCgsMDxJXTlMua2V5c1pOUy5vYmplY3RzViRjbGFzc6INDoACgAOiEBGABIAFgAdccmVsYXRpdmVQYXRoWWFsaWFzRGF0YV8QaC4uLy4uLy4uLy4uLy4uLy4uL0Ryb3Bib3gvbGZwIG1vb2MvV29ya2dyb3VuZCBLYXRoYXJpbmEvUGFwZXJzL0luZm9ybWF0aW9uIFN5c3RlbXMgU3VjY2VzcyBSZXZpc2l0ZWQucGRm0hcLGBlXTlMuZGF0YU8RAjgAAAAAAjgAAgAADE1hY2ludG9zaCBIRAAAAAAAAAAAAAAAAAAAAMq5U3RIKwAAAIepyh9JbmZvcm1hdGlvbiBTeXN0ZW1zICM4NTU4MEMucGRmAAAAAAAAAAAAAAAAAAAAAAAAAAAAAAAAAAAAAAAAAAAAhVgM0W4/TgAAAAAAAAAAAAYABQAACSAAAAAAAAAAAAAAAAAAAAAGUGFwZXJzABAACAAAyrk3VAAAABEACAAA0W4jLgAAAAEAGACHqcoAf/emAH/2CwAOuqUABphYAADAIwACAG9NYWNpbnRvc2ggSEQ6VXNlcnM6AEthdGhhcmluYToARHJvcGJveDoATEZQIE1PT0M6AFdvcmtncm91bmQgS2F0aGFyaW5hOgBQYXBlcnM6AEluZm9ybWF0aW9uIFN5c3RlbXMgIzg1NTgwQy5wZGYAAA4AVAApAEkAbgBmAG8AcgBtAGEAdABpAG8AbgAgAFMAeQBzAHQAZQBtAHMAIABTAHUAYwBjAGUAcwBzACAAUgBlAHYAaQBzAGkAdABlAGQALgBwAGQAZgAPABoADABNAGEAYwBpAG4AdABvAHMAaAAgAEgARAASAGZVc2Vycy9LYXRoYXJpbmEvRHJvcGJveC9sZnAgbW9vYy9Xb3JrZ3JvdW5kIEthdGhhcmluYS9QYXBlcnMvSW5mb3JtYXRpb24gU3lzdGVtcyBTdWNjZXNzIFJldmlzaXRlZC5wZGYAEwABLwAAFQACABD//wAAgAbSGxwdHlokY2xhc3NuYW1lWCRjbGFzc2VzXU5TTXV0YWJsZURhdGGjHR8gVk5TRGF0YVhOU09iamVjdNIbHCIjXE5TRGljdGlvbmFyeaIiIF8QD05TS2V5ZWRBcmNoaXZlctEmJ1Ryb290gAEACAARABoAIwAtADIANwBAAEYATQBVAGAAZwBqAGwAbgBxAHMAdQB3AIQAjgD5AP4BBgNCA0QDSQNUA10DawNvA3YDfwOEA5EDlAOmA6kDrgAAAAAAAAIBAAAAAAAAACgAAAAAAAAAAAAAAAAAAAOw}}

@article{mohammadi2015factors,
	Author = {Mohammadi, Hossein},
	Date-Added = {2015-07-30 19:06:14 +0000},
	Date-Modified = {2015-07-30 19:06:14 +0000},
	Journal = {Telematics and Informatics},
	Number = {4},
	Pages = {701--719},
	Publisher = {Elsevier},
	Title = {Factors affecting the e-learning outcomes: An integration of TAM and IS success model},
	Volume = {32},
	Year = {2015},
	Bdsk-File-1 = {YnBsaXN0MDDUAQIDBAUGJCVYJHZlcnNpb25YJG9iamVjdHNZJGFyY2hpdmVyVCR0b3ASAAGGoKgHCBMUFRYaIVUkbnVsbNMJCgsMDxJXTlMua2V5c1pOUy5vYmplY3RzViRjbGFzc6INDoACgAOiEBGABIAFgAdccmVsYXRpdmVQYXRoWWFsaWFzRGF0YV8Qli4uLy4uLy4uLy4uLy4uLy4uL0Ryb3Bib3gvbGZwIG1vb2MvV29ya2dyb3VuZCBLYXRoYXJpbmEvUGFwZXJzL0ZhY3RvcnMgYWZmZWN0aW5nIHRoZSBlLWxlYXJuaW5nIG91dGNvbWVzX0FuIGludGVncmF0aW9uIG9mIFRBTSBhbmQgSVMgc3VjY2VzcyBtb2RlLnBkZtIXCxgZV05TLmRhdGFPEQLCAAAAAALCAAIAAAxNYWNpbnRvc2ggSEQAAAAAAAAAAAAAAAAAAADKuVN0SCsAAACHqcofRmFjdG9ycyBhZmZlY3RpbmcgdGgjODU4MEZGLnBkZgAAAAAAAAAAAAAAAAAAAAAAAAAAAAAAAAAAAAAAAAAAAIWA/9Fu0L4AAAAAAAAAAAAGAAUAAAkgAAAAAAAAAAAAAAAAAAAABlBhcGVycwAQAAgAAMq5N1QAAAARAAgAANFutJ4AAAABABgAh6nKAH/3pgB/9gsADrqlAAaYWAAAwCMAAgBvTWFjaW50b3NoIEhEOlVzZXJzOgBLYXRoYXJpbmE6AERyb3Bib3g6AExGUCBNT09DOgBXb3JrZ3JvdW5kIEthdGhhcmluYToAUGFwZXJzOgBGYWN0b3JzIGFmZmVjdGluZyB0aCM4NTgwRkYucGRmAAAOALAAVwBGAGEAYwB0AG8AcgBzACAAYQBmAGYAZQBjAHQAaQBuAGcAIAB0AGgAZQAgAGUALQBsAGUAYQByAG4AaQBuAGcAIABvAHUAdABjAG8AbQBlAHMAXwBBAG4AIABpAG4AdABlAGcAcgBhAHQAaQBvAG4AIABvAGYAIABUAEEATQAgAGEAbgBkACAASQBTACAAcwB1AGMAYwBlAHMAcwAgAG0AbwBkAGUALgBwAGQAZgAPABoADABNAGEAYwBpAG4AdABvAHMAaAAgAEgARAASAJRVc2Vycy9LYXRoYXJpbmEvRHJvcGJveC9sZnAgbW9vYy9Xb3JrZ3JvdW5kIEthdGhhcmluYS9QYXBlcnMvRmFjdG9ycyBhZmZlY3RpbmcgdGhlIGUtbGVhcm5pbmcgb3V0Y29tZXNfQW4gaW50ZWdyYXRpb24gb2YgVEFNIGFuZCBJUyBzdWNjZXNzIG1vZGUucGRmABMAAS8AABUAAgAQ//8AAIAG0hscHR5aJGNsYXNzbmFtZVgkY2xhc3Nlc11OU011dGFibGVEYXRhox0fIFZOU0RhdGFYTlNPYmplY3TSGxwiI1xOU0RpY3Rpb25hcnmiIiBfEA9OU0tleWVkQXJjaGl2ZXLRJidUcm9vdIABAAgAEQAaACMALQAyADcAQABGAE0AVQBgAGcAagBsAG4AcQBzAHUAdwCEAI4BJwEsATQD+gP8BAEEDAQVBCMEJwQuBDcEPARJBEwEXgRhBGYAAAAAAAACAQAAAAAAAAAoAAAAAAAAAAAAAAAAAAAEaA==}}

@inproceedings{tsai2009evaluating,
	Author = {Tsai, W-H and Tsaur, T-S and Chou, Y-W and Liu, J-Y and Hsu, J-L},
	Booktitle = {Industrial Engineering and Engineering Management, 2009. IEEM 2009. IEEE International Conference on},
	Date-Added = {2015-07-30 19:05:34 +0000},
	Date-Modified = {2015-07-30 19:05:34 +0000},
	Organization = {IEEE},
	Pages = {1815--1819},
	Title = {Evaluating the information systems success of ERP implementation in Taiwan's industries},
	Year = {2009},
	Bdsk-File-1 = {YnBsaXN0MDDUAQIDBAUGJCVYJHZlcnNpb25YJG9iamVjdHNZJGFyY2hpdmVyVCR0b3ASAAGGoKgHCBMUFRYaIVUkbnVsbNMJCgsMDxJXTlMua2V5c1pOUy5vYmplY3RzViRjbGFzc6INDoACgAOiEBGABIAFgAdccmVsYXRpdmVQYXRoWWFsaWFzRGF0YW8QmgAuAC4ALwAuAC4ALwAuAC4ALwAuAC4ALwAuAC4ALwAuAC4ALwBEAHIAbwBwAGIAbwB4AC8AbABmAHAAIABtAG8AbwBjAC8AVwBvAHIAawBnAHIAbwB1AG4AZAAgAEsAYQB0AGgAYQByAGkAbgBhAC8AUABhAHAAZQByAHMALwBFAHYAYQBsAHUAYQB0AGkAbgBnACAAdABoAGUAIABJAG4AZgBvAHIAbQBhAHQAaQBvAG4AIABTAHkAcwB0AGUAbQBzACAAUwB1AGMAYwBlAHMAcwAgAG8AZgAgAEUAUgBQACAASQBtAHAAbABlAG0AZQBuAHQAYQB0AGkAbwBuACAAaQBuACAAVABhAGkAdwBhAG4gGQBzACAASQBuAGQAdQBzAHQAcgBpAGUAcwAuAHAAZABm0hcLGBlXTlMuZGF0YU8RAtAAAAAAAtAAAgAADE1hY2ludG9zaCBIRAAAAAAAAAAAAAAAAAAAAMq5U3RIKwAAAIepyh9FdmFsdWF0aW5nIHRoZSBJbmZvciM4MzlGOEUucGRmAAAAAAAAAAAAAAAAAAAAAAAAAAAAAAAAAAAAAAAAAAAAg5+O0WptAQAAAAAAAAAAAAYABQAACSAAAAAAAAAAAAAAAAAAAAAGUGFwZXJzABAACAAAyrk3VAAAABEACAAA0WpQ4QAAAAEAGACHqcoAf/emAH/2CwAOuqUABphYAADAIwACAG9NYWNpbnRvc2ggSEQ6VXNlcnM6AEthdGhhcmluYToARHJvcGJveDoATEZQIE1PT0M6AFdvcmtncm91bmQgS2F0aGFyaW5hOgBQYXBlcnM6AEV2YWx1YXRpbmcgdGhlIEluZm9yIzgzOUY4RS5wZGYAAA4AuABbAEUAdgBhAGwAdQBhAHQAaQBuAGcAIAB0AGgAZQAgAEkAbgBmAG8AcgBtAGEAdABpAG8AbgAgAFMAeQBzAHQAZQBtAHMAIABTAHUAYwBjAGUAcwBzACAAbwBmACAARQBSAFAAIABJAG0AcABsAGUAbQBlAG4AdABhAHQAaQBvAG4AIABpAG4AIABUAGEAaQB3AGEAbiAZAHMAIABJAG4AZAB1AHMAdAByAGkAZQBzAC4AcABkAGYADwAaAAwATQBhAGMAaQBuAHQAbwBzAGgAIABIAEQAEgCaVXNlcnMvS2F0aGFyaW5hL0Ryb3Bib3gvbGZwIG1vb2MvV29ya2dyb3VuZCBLYXRoYXJpbmEvUGFwZXJzL0V2YWx1YXRpbmcgdGhlIEluZm9ybWF0aW9uIFN5c3RlbXMgU3VjY2VzcyBvZiBFUlAgSW1wbGVtZW50YXRpb24gaW4gVGFpd2Fu4oCZcyBJbmR1c3RyaWVzLnBkZgATAAEvAAAVAAIAEP//AACABtIbHB0eWiRjbGFzc25hbWVYJGNsYXNzZXNdTlNNdXRhYmxlRGF0YaMdHyBWTlNEYXRhWE5TT2JqZWN00hscIiNcTlNEaWN0aW9uYXJ5oiIgXxAPTlNLZXllZEFyY2hpdmVy0SYnVHJvb3SAAQAIABEAGgAjAC0AMgA3AEAARgBNAFUAYABnAGoAbABuAHEAcwB1AHcAhACOAcUBygHSBKYEqAStBLgEwQTPBNME2gTjBOgE9QT4BQoFDQUSAAAAAAAAAgEAAAAAAAAAKAAAAAAAAAAAAAAAAAAABRQ=}}

@article{mcgill2014critical,
	Author = {McGill, Tanya J and Klobas, Jane E and Renzi, Stefano},
	Date-Added = {2015-07-30 19:02:54 +0000},
	Date-Modified = {2015-07-30 19:02:54 +0000},
	Journal = {The Internet and Higher Education},
	Pages = {24--36},
	Publisher = {Elsevier},
	Title = {Critical success factors for the continuation of e-learning initiatives},
	Volume = {22},
	Year = {2014},
	Bdsk-File-1 = {YnBsaXN0MDDUAQIDBAUGJCVYJHZlcnNpb25YJG9iamVjdHNZJGFyY2hpdmVyVCR0b3ASAAGGoKgHCBMUFRYaIVUkbnVsbNMJCgsMDxJXTlMua2V5c1pOUy5vYmplY3RzViRjbGFzc6INDoACgAOiEBGABIAFgAdccmVsYXRpdmVQYXRoWWFsaWFzRGF0YV8Qii4uLy4uLy4uLy4uLy4uLy4uL0Ryb3Bib3gvbGZwIG1vb2MvV29ya2dyb3VuZCBLYXRoYXJpbmEvUGFwZXJzL0NyaXRpY2FsIHN1Y2Nlc3MgZmFjdG9ycyBmb3IgdGhlIGNvbnRpbnVhdGlvbiBvZiBlLWxlYXJuaW5nIGluaXRpYXRpdmVzLnBkZtIXCxgZV05TLmRhdGFPEQKeAAAAAAKeAAIAAAxNYWNpbnRvc2ggSEQAAAAAAAAAAAAAAAAAAADKuVN0SCsAAACHqcofQ3JpdGljYWwgc3VjY2VzcyBmYWMjOUQ1RDVELnBkZgAAAAAAAAAAAAAAAAAAAAAAAAAAAAAAAAAAAAAAAAAAAJ1dXdGvDegAAAAAAAAAAAAGAAUAAAkgAAAAAAAAAAAAAAAAAAAABlBhcGVycwAQAAgAAMq5N1QAAAARAAgAANGu8cgAAAABABgAh6nKAH/3pgB/9gsADrqlAAaYWAAAwCMAAgBvTWFjaW50b3NoIEhEOlVzZXJzOgBLYXRoYXJpbmE6AERyb3Bib3g6AExGUCBNT09DOgBXb3JrZ3JvdW5kIEthdGhhcmluYToAUGFwZXJzOgBDcml0aWNhbCBzdWNjZXNzIGZhYyM5RDVENUQucGRmAAAOAJgASwBDAHIAaQB0AGkAYwBhAGwAIABzAHUAYwBjAGUAcwBzACAAZgBhAGMAdABvAHIAcwAgAGYAbwByACAAdABoAGUAIABjAG8AbgB0AGkAbgB1AGEAdABpAG8AbgAgAG8AZgAgAGUALQBsAGUAYQByAG4AaQBuAGcAIABpAG4AaQB0AGkAYQB0AGkAdgBlAHMALgBwAGQAZgAPABoADABNAGEAYwBpAG4AdABvAHMAaAAgAEgARAASAIhVc2Vycy9LYXRoYXJpbmEvRHJvcGJveC9sZnAgbW9vYy9Xb3JrZ3JvdW5kIEthdGhhcmluYS9QYXBlcnMvQ3JpdGljYWwgc3VjY2VzcyBmYWN0b3JzIGZvciB0aGUgY29udGludWF0aW9uIG9mIGUtbGVhcm5pbmcgaW5pdGlhdGl2ZXMucGRmABMAAS8AABUAAgAQ//8AAIAG0hscHR5aJGNsYXNzbmFtZVgkY2xhc3Nlc11OU011dGFibGVEYXRhox0fIFZOU0RhdGFYTlNPYmplY3TSGxwiI1xOU0RpY3Rpb25hcnmiIiBfEA9OU0tleWVkQXJjaGl2ZXLRJidUcm9vdIABAAgAEQAaACMALQAyADcAQABGAE0AVQBgAGcAagBsAG4AcQBzAHUAdwCEAI4BGwEgASgDygPMA9ED3APlA/MD9wP+BAcEDAQZBBwELgQxBDYAAAAAAAACAQAAAAAAAAAoAAAAAAAAAAAAAAAAAAAEOA==}}

@phdthesis{brown2008interpersonal,
	Author = {Brown, Houghton Gregory},
	Date-Added = {2015-07-30 19:01:38 +0000},
	Date-Modified = {2015-07-30 19:01:38 +0000},
	School = {Texas A\&M University},
	Title = {INTERPERSONAL TRAITS AND THE TECHNOLOGY ACCEPTANCE MODEL: APPLYING THE INTERPERSONAL CIRCUMPLEX MODEL AS A NOMOLOGICAL NET FOR UNDERSTANDING},
	Year = {2008},
	Bdsk-File-1 = {YnBsaXN0MDDUAQIDBAUGJCVYJHZlcnNpb25YJG9iamVjdHNZJGFyY2hpdmVyVCR0b3ASAAGGoKgHCBMUFRYaIVUkbnVsbNMJCgsMDxJXTlMua2V5c1pOUy5vYmplY3RzViRjbGFzc6INDoACgAOiEBGABIAFgAdccmVsYXRpdmVQYXRoWWFsaWFzRGF0YV8QVS4uLy4uLy4uLy4uLy4uLy4uL0Ryb3Bib3gvbGZwIG1vb2MvV29ya2dyb3VuZCBLYXRoYXJpbmEvUGFwZXJzL0JST1dOLURJU1NFUlRBVElPTi5wZGbSFwsYGVdOUy5kYXRhTxEB9gAAAAAB9gACAAAMTWFjaW50b3NoIEhEAAAAAAAAAAAAAAAAAAAAyrlTdEgrAAAAh6nKFkJST1dOLURJU1NFUlRBVElPTi5wZGYAAAAAAAAAAAAAAAAAAAAAAAAAAAAAAAAAAAAAAAAAAAAAAAAAAAAAAACWQWjRm2mMAAAAAAAAAAAABgAFAAAJIAAAAAAAAAAAAAAAAAAAAAZQYXBlcnMAEAAIAADKuTdUAAAAEQAIAADRm01sAAAAAQAYAIepygB/96YAf/YLAA66pQAGmFgAAMAjAAIAZk1hY2ludG9zaCBIRDpVc2VyczoAS2F0aGFyaW5hOgBEcm9wYm94OgBMRlAgTU9PQzoAV29ya2dyb3VuZCBLYXRoYXJpbmE6AFBhcGVyczoAQlJPV04tRElTU0VSVEFUSU9OLnBkZgAOAC4AFgBCAFIATwBXAE4ALQBEAEkAUwBTAEUAUgBUAEEAVABJAE8ATgAuAHAAZABmAA8AGgAMAE0AYQBjAGkAbgB0AG8AcwBoACAASABEABIAU1VzZXJzL0thdGhhcmluYS9Ecm9wYm94L2xmcCBtb29jL1dvcmtncm91bmQgS2F0aGFyaW5hL1BhcGVycy9CUk9XTi1ESVNTRVJUQVRJT04ucGRmAAATAAEvAAAVAAIAEP//AACABtIbHB0eWiRjbGFzc25hbWVYJGNsYXNzZXNdTlNNdXRhYmxlRGF0YaMdHyBWTlNEYXRhWE5TT2JqZWN00hscIiNcTlNEaWN0aW9uYXJ5oiIgXxAPTlNLZXllZEFyY2hpdmVy0SYnVHJvb3SAAQAIABEAGgAjAC0AMgA3AEAARgBNAFUAYABnAGoAbABuAHEAcwB1AHcAhACOAOYA6wDzAu0C7wL0Av8DCAMWAxoDIQMqAy8DPAM/A1EDVANZAAAAAAAAAgEAAAAAAAAAKAAAAAAAAAAAAAAAAAAAA1s=}}

@article{king2006meta,
	Author = {King, William R and He, Jun},
	Date-Added = {2015-07-30 19:00:51 +0000},
	Date-Modified = {2015-07-30 19:00:51 +0000},
	Journal = {Information \& management},
	Number = {6},
	Pages = {740--755},
	Publisher = {Elsevier},
	Title = {A meta-analysis of the technology acceptance model},
	Volume = {43},
	Year = {2006},
	Bdsk-File-1 = {YnBsaXN0MDDUAQIDBAUGJCVYJHZlcnNpb25YJG9iamVjdHNZJGFyY2hpdmVyVCR0b3ASAAGGoKgHCBMUFRYaIVUkbnVsbNMJCgsMDxJXTlMua2V5c1pOUy5vYmplY3RzViRjbGFzc6INDoACgAOiEBGABIAFgAdccmVsYXRpdmVQYXRoWWFsaWFzRGF0YV8QdS4uLy4uLy4uLy4uLy4uLy4uL0Ryb3Bib3gvbGZwIG1vb2MvV29ya2dyb3VuZCBLYXRoYXJpbmEvUGFwZXJzL0EgbWV0YS1hbmFseXNpcyBvZiB0aGUgdGVjaG5vbG9neSBhY2NlcHRhbmNlIG1vZGVsLnBkZtIXCxgZV05TLmRhdGFPEQJgAAAAAAJgAAIAAAxNYWNpbnRvc2ggSEQAAAAAAAAAAAAAAAAAAADKuVN0SCsAAACHqcofQSBtZXRhLWFuYWx5c2lzIG9mIHQjODU1NzI1LnBkZgAAAAAAAAAAAAAAAAAAAAAAAAAAAAAAAAAAAAAAAAAAAIVXJdFuPnsAAAAAAAAAAAAGAAUAAAkgAAAAAAAAAAAAAAAAAAAABlBhcGVycwAQAAgAAMq5N1QAAAARAAgAANFuIlsAAAABABgAh6nKAH/3pgB/9gsADrqlAAaYWAAAwCMAAgBvTWFjaW50b3NoIEhEOlVzZXJzOgBLYXRoYXJpbmE6AERyb3Bib3g6AExGUCBNT09DOgBXb3JrZ3JvdW5kIEthdGhhcmluYToAUGFwZXJzOgBBIG1ldGEtYW5hbHlzaXMgb2YgdCM4NTU3MjUucGRmAAAOAG4ANgBBACAAbQBlAHQAYQAtAGEAbgBhAGwAeQBzAGkAcwAgAG8AZgAgAHQAaABlACAAdABlAGMAaABuAG8AbABvAGcAeQAgAGEAYwBjAGUAcAB0AGEAbgBjAGUAIABtAG8AZABlAGwALgBwAGQAZgAPABoADABNAGEAYwBpAG4AdABvAHMAaAAgAEgARAASAHNVc2Vycy9LYXRoYXJpbmEvRHJvcGJveC9sZnAgbW9vYy9Xb3JrZ3JvdW5kIEthdGhhcmluYS9QYXBlcnMvQSBtZXRhLWFuYWx5c2lzIG9mIHRoZSB0ZWNobm9sb2d5IGFjY2VwdGFuY2UgbW9kZWwucGRmAAATAAEvAAAVAAIAEP//AACABtIbHB0eWiRjbGFzc25hbWVYJGNsYXNzZXNdTlNNdXRhYmxlRGF0YaMdHyBWTlNEYXRhWE5TT2JqZWN00hscIiNcTlNEaWN0aW9uYXJ5oiIgXxAPTlNLZXllZEFyY2hpdmVy0SYnVHJvb3SAAQAIABEAGgAjAC0AMgA3AEAARgBNAFUAYABnAGoAbABuAHEAcwB1AHcAhACOAQYBCwETA3cDeQN+A4kDkgOgA6QDqwO0A7kDxgPJA9sD3gPjAAAAAAAAAgEAAAAAAAAAKAAAAAAAAAAAAAAAAAAAA+U=}}

@article{jan2011technology,
	Author = {Jan, Alberto Un and Contreras, Vilma},
	Date-Added = {2015-07-30 18:59:29 +0000},
	Date-Modified = {2015-07-30 18:59:29 +0000},
	Journal = {Computers in Human Behavior},
	Number = {2},
	Pages = {845--851},
	Publisher = {Elsevier},
	Title = {Technology acceptance model for the use of information technology in universities},
	Volume = {27},
	Year = {2011},
	Bdsk-File-1 = {YnBsaXN0MDDUAQIDBAUGJCVYJHZlcnNpb25YJG9iamVjdHNZJGFyY2hpdmVyVCR0b3ASAAGGoKgHCBMUFRYaIVUkbnVsbNMJCgsMDxJXTlMua2V5c1pOUy5vYmplY3RzViRjbGFzc6INDoACgAOiEBGABIAFgAdccmVsYXRpdmVQYXRoWWFsaWFzRGF0YV8QlC4uLy4uLy4uLy4uLy4uLy4uL0Ryb3Bib3gvbGZwIG1vb2MvV29ya2dyb3VuZCBLYXRoYXJpbmEvUGFwZXJzL1RlY2hub2xvZ3kgYWNjZXB0YW5jZSBtb2RlbCBmb3IgdGhlIHVzZSBvZiBpbmZvcm1hdGlvbiB0ZWNobm9sb2d5IGluIHVuaXZlcnNpdGllcy5wZGbSFwsYGVdOUy5kYXRhTxECvAAAAAACvAACAAAMTWFjaW50b3NoIEhEAAAAAAAAAAAAAAAAAAAAyrlTdEgrAAAAh6nKH1RlY2hub2xvZ3kgYWNjZXB0YW5jIzg1NTZENy5wZGYAAAAAAAAAAAAAAAAAAAAAAAAAAAAAAAAAAAAAAAAAAACFVtfRbj4HAAAAAAAAAAAABgAFAAAJIAAAAAAAAAAAAAAAAAAAAAZQYXBlcnMAEAAIAADKuTdUAAAAEQAIAADRbiHnAAAAAQAYAIepygB/96YAf/YLAA66pQAGmFgAAMAjAAIAb01hY2ludG9zaCBIRDpVc2VyczoAS2F0aGFyaW5hOgBEcm9wYm94OgBMRlAgTU9PQzoAV29ya2dyb3VuZCBLYXRoYXJpbmE6AFBhcGVyczoAVGVjaG5vbG9neSBhY2NlcHRhbmMjODU1NkQ3LnBkZgAADgCsAFUAVABlAGMAaABuAG8AbABvAGcAeQAgAGEAYwBjAGUAcAB0AGEAbgBjAGUAIABtAG8AZABlAGwAIABmAG8AcgAgAHQAaABlACAAdQBzAGUAIABvAGYAIABpAG4AZgBvAHIAbQBhAHQAaQBvAG4AIAB0AGUAYwBoAG4AbwBsAG8AZwB5ACAAaQBuACAAdQBuAGkAdgBlAHIAcwBpAHQAaQBlAHMALgBwAGQAZgAPABoADABNAGEAYwBpAG4AdABvAHMAaAAgAEgARAASAJJVc2Vycy9LYXRoYXJpbmEvRHJvcGJveC9sZnAgbW9vYy9Xb3JrZ3JvdW5kIEthdGhhcmluYS9QYXBlcnMvVGVjaG5vbG9neSBhY2NlcHRhbmNlIG1vZGVsIGZvciB0aGUgdXNlIG9mIGluZm9ybWF0aW9uIHRlY2hub2xvZ3kgaW4gdW5pdmVyc2l0aWVzLnBkZgATAAEvAAAVAAIAEP//AACABtIbHB0eWiRjbGFzc25hbWVYJGNsYXNzZXNdTlNNdXRhYmxlRGF0YaMdHyBWTlNEYXRhWE5TT2JqZWN00hscIiNcTlNEaWN0aW9uYXJ5oiIgXxAPTlNLZXllZEFyY2hpdmVy0SYnVHJvb3SAAQAIABEAGgAjAC0AMgA3AEAARgBNAFUAYABnAGoAbABuAHEAcwB1AHcAhACOASUBKgEyA/ID9AP5BAQEDQQbBB8EJgQvBDQEQQREBFYEWQReAAAAAAAAAgEAAAAAAAAAKAAAAAAAAAAAAAAAAAAABGA=}}
